@inproceedings{inproceedings,
author = {Gkikas, Dimitris and Theodoridis, Prokopis and Tzavella, Georgia and Vlachopoulou, Georgia and Kondyli, Isidora and Tzioli, Melpomeni},
year = {2021},
month = {01},
pages = {},
title = {Chatbot Tools Evaluation},
doi = {10.6084/m9.figshare.16950700.v1}
}