@inproceedings{inproceedings,
author = {Liu, Yue and Yang, Ju and Liu, Mingjun},
year = {2008},
month = {08},
pages = {203 - 206},
title = {Recognition of QR Code with Mobile Phones},
isbn = {978-1-4244-1733-9},
doi = {10.1109/CCDC.2008.4597299}
}