@inproceedings{inproceedings,
author = {Tamrakar, Rohit and Wani, Niraj},
year = {2021},
month = {04},
pages = {},
title = {Design and Development of CHATBOT: A Review}
}